@article{kanerva2009hyperdimensional,
  title={Hyperdimensional computing: An introduction to computing in distributed representation with high-dimensional random vectors},
  author={Kanerva, Pentti},
  journal={Cognitive computation},
  volume={1},
  number={2},
  pages={139--159},
  year={2009},
  publisher={Springer}
}

@inproceedings{imani2019framework,
  title={A framework for collaborative learning in secure high-dimensional space},
  author={Imani, Mohsen and Messerly, John and Wu, Fan and Pi, Wen-Ting and Rosing, Tajana},
  booktitle={2019 IEEE 12th International Conference on Cloud Computing (CLOUD)},
  pages={435--440},
  year={2019},
  organization={IEEE}
}

@inproceedings{lugaresi2019mediapipe,
  title={Mediapipe: A framework for building perception pipelines},
  author={Lugaresi, Camillo and Tang, Jiuqiang and Nash, Hadon and McClanahan, Chris and Uboweja, Esha and Hays, Michael and Zhang, Fan and Chang, Chuo-Ling and Yong, Ming Guang and Lee, Juhyun and others},
  booktitle={arXiv preprint arXiv:1906.08172},
  year={2019}
}

@inproceedings{schroff2015facenet,
  title={Facenet: A unified embedding for face recognition and clustering},
  author={Schroff, Florian and Kalenichenko, Dmitry and Philbin, James},
  booktitle={Proceedings of the IEEE conference on computer vision and pattern recognition},
  pages={815--823},
  year={2015}
}

@article{deng2019arcface,
  title={Arcface: Additive angular margin loss for deep face recognition},
  author={Deng, Jiankang and Guo, Jia and Xue, Niannan and Zafeiriou, Stefanos},
  journal={In CVPR},
  year={2019}
}

@inproceedings{chen2018mobilefacenets,
  title={MobileFaceNets: Efficient CNNs for accurate real-time face verification on mobile devices},
  author={Chen, Sheng and Liu, Yang and Gao, Xiang and Han, Zhen},
  booktitle={Chinese Conference on Biometric Recognition},
  pages={428--438},
  year={2018},
  organization={Springer}
}

@article{warden2018speech,
  title={Speech commands: A dataset for limited-vocabulary speech recognition},
  author={Warden, Pete},
  journal={arXiv preprint arXiv:1804.03209},
  year={2018}
}

@book{warden2019tinyml,
  title={TinyML: Machine learning with TensorFlow Lite on Arduino and ultra-low-power microcontrollers},
  author={Warden, Pete and Situnayake, Daniel},
  year={2019},
  publisher={O'Reilly Media}
}

@inproceedings{kirkpatrick2017overcoming,
  title={Overcoming catastrophic forgetting in neural networks},
  author={Kirkpatrick, James and Pascanu, Razvan and Rabinowitz, Neil and Veness, Joel and Desjardins, Guillaume and Rusu, Andrei A and Milan, Kieran and Quan, John and Ramalho, Tiago and Grabska-Barwinska, Agnieszka and others},
  booktitle={Proceedings of the national academy of sciences},
  volume={114},
  number={13},
  pages={3521--3526},
  year={2017}
}

@article{huang2008labeled,
  title={Labeled faces in the wild: A database for studying face recognition in unconstrained environments},
  author={Huang, Gary B and Mattar, Marwan and Berg, Tamara and Learned-Miller, Eric},
  journal={Workshop on faces in'Real-Life'Images: detection, alignment, and recognition},
  year={2008}
}

@inproceedings{wu2018look,
  title={Look at boundary: A boundary-aware face alignment algorithm},
  author={Wu, Wayne and Qian, Chen and Yang, Shuo and Wang, Quan and Cai, Yici and Zhou, Qiang},
  booktitle={Proceedings of the IEEE conference on computer vision and pattern recognition},
  pages={2129--2138},
  year={2018}
}

@misc{max78000datasheet,
  title={MAX78000 Ultra-Low-Power AI Microcontroller with Convolutional Neural Network Accelerator},
  author={{Analog Devices}},
  year={2021},
  howpublished={\url{https://www.analog.com/max78000}}
}

@article{gdpr2016regulation,
  title={Regulation (EU) 2016/679 of the European Parliament and of the Council},
  author={{European Parliament and Council}},
  journal={Official Journal of the European Union},
  volume={59},
  number={1-88},
  pages={294},
  year={2016}
}



